<collection xmlns="http://www.loc.gov/MARC21/slim">
<record>
  <leader>00800nam0a22001331i 450 </leader>
  <controlfield tag="001">IT\ICCU\CNCE\066501</controlfield>
  <controlfield tag="005">20060913000000.0</controlfield>
  <datafield tag="100" ind1=" " ind2=" ">
    <subfield code="a">20060907g15851586    0itac0103    ba</subfield>
  </datafield>
  <datafield tag="101" ind1=" " ind2=" ">
    <subfield code="a">LAT</subfield>
  </datafield>
  <datafield tag="102" ind1=" " ind2=" ">
    <subfield code="a">FR</subfield>
  </datafield>
  <datafield tag="200" ind1="1" ind2=" ">
    <subfield code="a">℗D. Aurelii Augustini ... ℗Opera, tomis decem comprehensa: per theologos Louanienses ex manuscriptis codicibus multo labore emendata, &amp; ab innumeris erroribus vindicata: illustrata praeterea eruditis censuris, &amp; locupletata multis homilijs &amp; aliquot epistolis eiusdem b. Augustini, antea non editis. Et nunc postremo nouissima hac nostra editione accuratissime castigata, &amp; non p¿nitenda accessione aucta. Cum indice tripartito</subfield>
  </datafield>
  <datafield tag="210" ind1=" " ind2=" ">
    <subfield code="a">Lugduni</subfield>
    <subfield code="d">1586</subfield>
    <subfield code="e">\Lione!</subfield>
    <subfield code="g">excudebat Ioannes Quadratus</subfield>
    <subfield code="h">typographus Lugdunensis</subfield>
    <subfield code="h">1585</subfield>
  </datafield>
  <datafield tag="300" ind1=" " ind2=" ">
    <subfield code="a">ANNULLATA. E&apos; straniera</subfield>
  </datafield>
  <datafield tag="801" ind1=" " ind2="3">
    <subfield code="a">IT</subfield>
    <subfield code="b">ICCU</subfield>
    <subfield code="c">20201115</subfield>
  </datafield>
</record>
</collection>
